@misc{PeriodicPoolTable,
	author={Sekhon, Senan},
	title={Periodic Pool Table},
	year={2021},
	url={https://www.overleaf.com/latex/examples/periodic-pool-table/cnfychgzwxjk}
}

@misc{IEEEManual,
	title={How to Use the IEEEtran LaTeX Class},
	author={Shell, Michael},
	year={2015},
	url={https://eu.mirrors.cicku.me/ctan/macros/latex/contrib/IEEEtran/IEEEtran_HOWTO.pdf},
	month=aug
}